<?xml version="1.0" encoding="UTF-8"?><collection xmlns="http://www.loc.gov/MARC21/slim"><record><leader>00405nam--2200109-i-4500</leader><controlfield tag="001">000005752</controlfield><controlfield tag="002">20161230</controlfield><controlfield tag="005">20161230201026</controlfield><controlfield tag="008">060222s1000------------r-----000-0-eng-d</controlfield><datafield ind1=" " ind2=" " tag="080"><subfield code="a">543.253(016)</subfield></datafield><datafield ind1=" " ind2=" " tag="245"><subfield code="a">Bibliografia polarografica (1922-1959). part.i:elenco dei lavori e indice degli autori supplemento no.12.a cura della dott.luciana griggio</subfield></datafield><datafield ind1=" " ind2=" " tag="260"><subfield code="a">Padova,Centro Di Studio Per La Polarografica, 1960. 80p</subfield></datafield></record></collection>